
@article{einevoll2012,
  title={Extended difference-of-Gaussians model incorporating cortical feedback for relay cells in the lateral geniculate nucleus of cat},
  author={Einevoll, Gaute T and Plesser, Hans E},
  journal={Cognitive neurodynamics},
  volume={6},
  number={4},
  pages={307--324},
  year={2012},
  publisher={Springer}
}

@article{mobarhan2018,
  title={Firing-rate based network modeling of the dLGN circuit: Effects of cortical feedback on spatiotemporal response properties of relay cells},
  author={Mobarhan, Milad Hobbi and Halnes, Geir and Hafting, Torkel and Fyhn, Marianne and Einevoll, Gaute T and others},
  journal={PLoS computational biology},
  volume={14},
  number={5},
  pages={e1006156},
  year={2018},
  publisher={Public Library of Science}
}

@book{nocedal2006,
  title={Numerical optimization},
  author={Nocedal, Jorge and Wright, Stephen},
  year={2006},
  publisher={Springer Science \& Business Media}
}